@article{tambe2013image,
  title     = {Image processing (IP) through erosion and dilation methods},
  author    = {Tambe, Sagar B and Kulhare, Deepak and Nirmal, MD and Prajapati, Gopal},
  year      = {2013},
  publisher = {Citeseer}
}